@misc{filipp_2024_project,
  author = {Filipp, Jacob},
  month = {11},
  title = {Project Hammer – Jacob Filipp},
  url = {https://jacobfilipp.com/hammer/},
  urldate = {2024-11-26},
  year = {2024},
  organization = {Jacobfilipp.com}
}

@Manual{dplyr2023,
    title = {dplyr: A Grammar of Data Manipulation},
    author = {Hadley Wickham and Romain François and Lionel Henry and Kirill Müller},
    year = {2023},
    note = {R package version 1.1.3},
    url = {https://CRAN.R-project.org/package=dplyr},
}


@article{wickham_2011_testthat,
  author = {Wickham, Hadley},
  pages = {5},
  title = {testthat: Get Started with Testing},
  doi = {10.32614/rj-2011-002},
  urldate = {2022-01-29},
  volume = {3},
  year = {2011},
  journal = {The R Journal}
}

@misc{mller_2020_here,
  author = {Müller, Kirill and Bryan, Jennifer},
  month = {12},
  title = {here: A Simpler Way to Find Your Files},
  url = {https://cran.r-project.org/web/packages/here/index.html},
  year = {2020},
  organization = {R-Packages}
}


@book{yihuixiemathematician_2016_dynamic,
  author = {Yihui Xie, (Mathematician},
  publisher = {Crc Press/Taylor & Francis},
  title = {Dynamic documents with R and knitr},
  year = {2016}
}

@misc{zhu_2021_construct,
  author = {Zhu, Hao},
  month = {02},
  title = {Construct Complex Table with 'kable' and Pipe Syntax [R package kableExtra version 1.3.4]},
  url = {https://CRAN.R-project.org/package=kableExtra},
  year = {2021},
  organization = {cran.r-project.org}
}

@misc{wickham_2023_scales,
  author = {Wickham, Hadley and Pedersen, Thomas Lin and Seidel, Dana},
  month = {11},
  title = {scales: Scale Functions for Visualization},
  url = {https://CRAN.R-project.org/package=scales},
  year = {2023},
  organization = {R-Packages}
}

@misc{gabry_2023_plotting,
  author = {Gabry, Jonah  and Mahr, T J. },
  title = {Plotting for Bayesian Models},
  url = {https://mc-stan.org/bayesplot/},
  year = {2023},
  organization = {mc-stan.org}
}


@Manual{citeR,
    title = {R: A Language and Environment for Statistical Computing},
    author = {{R Core Team}},
    organization = {R Foundation for Statistical Computing},
    address = {Vienna, Austria},
    year = {2023},
    url = {https://www.R-project.org/},
  }

@article{wickham_2019_welcome,
  author = {Wickham, Hadley and Averick, Mara and Bryan, Jennifer and Chang, Winston and McGowan, Lucy and François, Romain and Grolemund, Garrett and Hayes, Alex and Henry, Lionel and Hester, Jim and Kuhn, Max and Pedersen, Thomas and Miller, Evan and Bache, Stephan and Müller, Kirill and Ooms, Jeroen and Robinson, David and Seidel, Dana and Spinu, Vitalie and Takahashi, Kohske and Vaughan, Davis and Wilke, Claus and Woo, Kara and Yutani, Hiroaki},
  month = {11},
  pages = {1686},
  title = {Welcome to the Tidyverse},
  doi = {10.21105/joss.01686},
  volume = {4},
  year = {2019},
  journal = {Journal of Open Source Software}
}

@misc{goodrich_2023_bayesian,
  author = {Goodrich, Ben and Gabry, Jonah and Ali, Imad  and Brilleman, Sam},
  title = {Bayesian Applied Regression Modeling via Stan},
  url = {https://mc-stan.org/rstanarm/},
  year = {2023},
  organization = {mc-stan.org}
}

@article{arelbundock_2022_bmodelsummaryb,
  author = {Arel-Bundock, Vincent},
  month = {01},
  publisher = {Foundation for Open Access Statistics},
  title = {modelsummary: Data and Model Summaries in R},
  doi = {10.18637/jss.v103.i01},
  volume = {103},
  year = {2022},
  journal = {Journal of statistical software}
}

@misc{apachearrowdevelopers_2023_arrow,
  author = {Apache Arrow Developers},
  title = {Arrow R Package},
  url = {https://arrow.apache.org/docs/r/},
  urldate = {2024-11-26},
  year = {2023},
  organization = {Apache.org}
}

@article{akerlof_2015_phishing,
  author = {Akerlof, George A and Shiller, Robert J},
  month = {09},
  pages = {115-154},
  title = {Phishing for Phools},
  doi = {10.2307/j.ctvc777w8},
  urldate = {2023-05-15},
  volume = {134},
  year = {2015},
  journal = {Princeton University Press}
}

@article{dellavigna_2019_uniform,
  author = {DellaVigna, Stefano and Gentzkow, Matthew},
  month = {06},
  pages = {2011-2084},
  title = {Uniform Pricing in U.S. Retail Chains},
  doi = {10.1093/qje/qjz019},
  volume = {134},
  year = {2019},
  journal = {The Quarterly Journal of Economics}
}

@article{ellickson_2008_supermarket,
  author = {Ellickson, Paul B. and Misra, Sanjog},
  pages = {811–828},
  title = {Supermarket Pricing Strategies},
  url = {https://www.jstor.org/stable/40057128},
  volume = {27},
  year = {2008},
  journal = {Marketing Science}
}

@article{seiler_2017_the,
  author = {Seiler, Stephan and Yao, Song},
  pages = {241-278},
  title = {The Impact of Advertising Along the Conversion Funnel},
  doi = {10.2139/ssrn.2920953},
  volume = {15},
  year = {2017},
  journal = {SSRN Electronic Journal}
}

@article{nakamura_2011_price,
  author = {Nakamura, Emi and Steinsson, Jón},
  month = {04},
  pages = {220-233},
  title = {Price setting in forward-looking customer markets},
  doi = {10.1016/j.jmoneco.2011.06.004},
  urldate = {2020-03-20},
  volume = {58},
  year = {2011},
  journal = {Journal of Monetary Economics}
}

@article{kaplan_2019_relative,
  author = {Kaplan, Greg and Menzio, Guido and Rudanko, Leena and Trachter, Nicholas},
  month = {08},
  pages = {68-124},
  title = {Relative Price Dispersion: Evidence and Theory},
  doi = {10.1257/mic.20170126},
  urldate = {2020-03-13},
  volume = {11},
  year = {2019},
  journal = {American Economic Journal: Microeconomics}
}

@misc{dubois_2010_price,
  author = {Dubois, Pierre and Jodar-Rosell, Sandra},
  month = {06},
  title = {Price and Brand Competition between Differentiated Retailers: A Structural Econometric Model},
  url = {https://ssrn.com/abstract=1640369},
  urldate = {2024-11-26},
  year = {2010},
  organization = {Ssrn.com}
}

@article{basker_2007_the,
  author = {Basker, Emek},
  month = {07},
  pages = {177-198},
  title = {The Causes and Consequences of Wal-Mart's Growth},
  doi = {10.1257/jep.21.3.177},
  volume = {21},
  year = {2007},
  journal = {Journal of Economic Perspectives}
}

@article{barnett_2007_weather,
  author = {Barnett, Barry J. and Mahul, Olivier},
  month = {12},
  pages = {1241-1247},
  title = {Weather Index Insurance for Agriculture and Rural Areas in Lower‐Income Countries},
  doi = {10.1111/j.1467-8276.2007.01091.x},
  urldate = {2022-02-15},
  volume = {89},
  year = {2007},
  journal = {American Journal of Agricultural Economics}
}

@article{hausman_2007_consumer,
  author = {Hausman, Jerry and Leibtag, Ephraim},
  pages = {1157-1177},
  title = {Consumer benefits from increased competition in shopping outlets: Measuring the effect of Wal-Mart},
  doi = {10.1002/jae.994},
  url = {https://onlinelibrary.wiley.com/doi/abs/10.1002/jae.994},
  volume = {22},
  year = {2007},
  journal = {Journal of Applied Econometrics}
}

@misc{wickham_2016_create,
  author = {Wickham, Hadley},
  title = {Create Elegant Data Visualisations Using the Grammar of Graphics},
  url = {https://ggplot2.tidyverse.org/},
  year = {2016},
  organization = {Tidyverse.org}
}
